<?xml version="1.0" encoding="utf-8"?>
<record xmlns="http://www.loc.gov/MARC21/slim" xmlns:xsi="http://www.w3.org/2001/XMLSchema-instance" xsi:schemaLocation="http://www.loc.gov/MARC21/slim http://www.loc.gov/standards/marcxml/schema/MARC21slim.xsd">
	<leader>     nam a22        4500</leader>
	<controlfield tag="001">001677178</controlfield>
	<controlfield tag="003">NNU</controlfield>
	<controlfield tag="006">m        d        </controlfield>
	<controlfield tag="007">cr cn |||m|||a</controlfield>
	<controlfield tag="008">150505m18861888ua      o     000 0 ara d</controlfield>
	<datafield ind1=" " ind2=" " tag="020">
		<subfield code="z">0524083045 (microfiche)</subfield>
	</datafield>
	<datafield ind1=" " ind2=" " tag="020">
		<subfield code="z">9780524083048 (microfiche)</subfield>
	</datafield>
	<datafield ind1=" " ind2=" " tag="040">
		<subfield code="a">NNU</subfield>
		<subfield code="b">eng</subfield>
		<subfield code="e">rda</subfield>
		<subfield code="c">NNU</subfield>
	</datafield>
	<datafield ind1=" " ind2="4" tag="050">
		<subfield code="a">BP135.A128</subfield>
		<subfield code="b">Q3</subfield>
	</datafield>
	<datafield ind1="1" ind2=" " tag="100">
		<subfield code="6">880-01</subfield>
		<subfield code="a">Qasṭallānī, Aḥmad ibn Muḥammad,</subfield>
		<subfield code="d">1447 or 1448-1517 or 1518.</subfield>
	</datafield>
	<datafield ind1="1" ind2="0" tag="240">
		<subfield code="6">880-02</subfield>
		<subfield code="a">Irshād al-sārī</subfield>
	</datafield>
	<datafield ind1="1" ind2="0" tag="245">
		<subfield code="6">880-03</subfield>
		<subfield code="a">Irshād al-sārī fi sharḥ Ṣaḥīḥ al-Bukhārī /</subfield>
		<subfield code="c">taʼlīf Abī al-ʻAbbās Shihāb al-Dīn Aḥmad ibn Muḥammad al-Qastallānī. Wa-bi-hāmishihi Ṣaḥīḥ Muslim bi-Shurūḥ al-Nawawī</subfield>
	</datafield>
	<datafield ind1=" " ind2=" " tag="250">
		<subfield code="6">880-04</subfield>
		<subfield code="a">Ṭabʻah jadīdah bil-ufset.</subfield>
	</datafield>
	<datafield ind1=" " ind2=" " tag="260">
		<subfield code="6">880-05</subfield>
		<subfield code="a">al-Qāhirah :</subfield>
		<subfield code="b">al-Maṭbaʻah al-Amīrīyah,</subfield>
		<subfield code="c">1886-1888.</subfield>
	</datafield>
	<datafield ind1=" " ind2=" " tag="300">
		<subfield code="a">online resource (10 volumes)</subfield>
	</datafield>
	<datafield ind1=" " ind2=" " tag="336">
		<subfield code="a">text</subfield>
		<subfield code="2">rdacontent</subfield>
	</datafield>
	<datafield ind1=" " ind2=" " tag="337">
		<subfield code="a">computer</subfield>
		<subfield code="2">rdamedia</subfield>
	</datafield>
	<datafield ind1=" " ind2=" " tag="338">
		<subfield code="a">online resource</subfield>
		<subfield code="2">rdacarrier</subfield>
	</datafield>
	<datafield ind1=" " ind2=" " tag="500">
		<subfield code="a">Includes text of Ṣaḥīḥ al-Bukhārī.</subfield>
	</datafield>
	<datafield ind1=" " ind2=" " tag="500">
		<subfield code="a">Part of the Arabic Collections Online (ACO) project, contributed by New York Univeristy Libraries.</subfield>
	</datafield>
	<datafield ind1=" " ind2=" " tag="533">
		<subfield code="a">Electronic reproduction.</subfield>
		<subfield code="b">New York, N.Y. :</subfield>
		<subfield code="c">New York University,</subfield>
		<subfield code="d">2015.</subfield>
		<subfield code="5">NNU</subfield>
	</datafield>
	<datafield ind1=" " ind2="0" tag="650">
		<subfield code="a">Hadith</subfield>
		<subfield code="x">Criticism, interpretation, etc.</subfield>
	</datafield>
	<datafield ind1=" " ind2="7" tag="650">
		<subfield code="a">Hadith.</subfield>
		<subfield code="2">fast</subfield>
		<subfield code="0">(OCoLC)fst00950112</subfield>
	</datafield>
	<datafield ind1=" " ind2="7" tag="655">
		<subfield code="a">Criticism, interpretation, etc.</subfield>
		<subfield code="2">fast</subfield>
		<subfield code="0">(OCoLC)fst01411635</subfield>
	</datafield>
	<datafield ind1="1" ind2="2" tag="700">
		<subfield code="6">880-06</subfield>
		<subfield code="a">Bukhārī, Muḥammad ibn Ismāʻīl,</subfield>
		<subfield code="d">810-870.</subfield>
		<subfield code="t">Jāmiʻ al-ṣaḥīḥ.</subfield>
	</datafield>
	<datafield ind1="0" ind2="2" tag="700">
		<subfield code="6">880-07</subfield>
		<subfield code="a">Muslim ibn al-Ḥajjāj al-Qushayrī,</subfield>
		<subfield code="d">approximately 821-875.</subfield>
		<subfield code="t">Jāmiʻ al-ṣaḥīḥ.</subfield>
	</datafield>
	<datafield ind1="0" ind2="2" tag="700">
		<subfield code="6">880-08</subfield>
		<subfield code="a">Nawawī,</subfield>
		<subfield code="d">1233-1277</subfield>
		<subfield code="t">Sharḥ Ṣaḥīḥ Muslim.</subfield>
	</datafield>
	<datafield ind1="2" ind2=" " tag="710">
		<subfield code="a">New York University.</subfield>
		<subfield code="b">Libraries.</subfield>
	</datafield>
	<datafield ind1="0" ind2=" " tag="730">
		<subfield code="a">Arabic Collections Online.</subfield>
	</datafield>
	<datafield ind1="0" ind2="2" tag="740">
		<subfield code="6">880-09</subfield>
		<subfield code="a">Jāmiʻ al-ṣaḥīḥ.</subfield>
	</datafield>
	<datafield ind1="0" ind2="2" tag="740">
		<subfield code="6">880-10</subfield>
		<subfield code="a">Sharḥ Ṣaḥīḥ Muslim.</subfield>
	</datafield>
	<datafield ind1="0" ind2="8" tag="776">
		<subfield code="i">Print version:</subfield>
		<subfield code="a">Qasṭallānī, Aḥmad ibn Muḥammad, 1447 or 1448-1517 or 1518.</subfield>
		<subfield code="t">Irshād al-sārī fi sharḥ Ṣaḥīḥ al-Bukhārī</subfield>
		<subfield code="w">(NNU)001677178</subfield>
		<subfield code="z">0524083045 (microfiche)</subfield>
		<subfield code="z">9780524083048 (microfiche)</subfield>
	</datafield>
	<datafield ind1="4" ind2="0" tag="856">
		<subfield code="u">http://hdl.handle.net/2333.1/4qrfj8zt</subfield>
	</datafield>
	<datafield ind1="1" ind2=" " tag="880">
		<subfield code="6">100-01/</subfield>
		<subfield code="a">قسطلاني، احمد بن محمد،</subfield>
		<subfield code="d">1447 or 1448-1517 or 1518.</subfield>
	</datafield>
	<datafield ind1="1" ind2="0" tag="880">
		<subfield code="6">240-02/</subfield>
		<subfield code="a">ارشاد الساري</subfield>
	</datafield>
	<datafield ind1="1" ind2="0" tag="880">
		<subfield code="6">245-03/</subfield>
		<subfield code="a">ارشاد الساري في شرح صحيح البخاري /</subfield>
		<subfield code="c">تأليف ابي العباس شهاب الدين احمد بن محمد القستلاني. وبهامشه صحيح مسلم بشروح النووي</subfield>
	</datafield>
	<datafield ind1=" " ind2=" " tag="880">
		<subfield code="6">250-04/</subfield>
		<subfield code="a">طبعة جديدة بلافست.</subfield>
	</datafield>
	<datafield ind1=" " ind2=" " tag="880">
		<subfield code="6">260-05/</subfield>
		<subfield code="a">القاهرة :</subfield>
		<subfield code="b">المطبعة الأميرية،</subfield>
		<subfield code="c">1886-1888.</subfield>
	</datafield>
	<datafield ind1="1" ind2="2" tag="880">
		<subfield code="6">700-06/</subfield>
		<subfield code="a">بخاري، محمد بن اسماعيل،</subfield>
		<subfield code="d">810-870.</subfield>
		<subfield code="t">جامع الصحيح.</subfield>
	</datafield>
	<datafield ind1="0" ind2="2" tag="880">
		<subfield code="6">700-07/</subfield>
		<subfield code="a">مسلم بن الحجاج القشيري،</subfield>
		<subfield code="d">approximately 821-875.</subfield>
		<subfield code="t">جامع الصحيح.</subfield>
	</datafield>
	<datafield ind1="0" ind2="2" tag="880">
		<subfield code="6">700-08/</subfield>
		<subfield code="a">نووي،</subfield>
		<subfield code="d">1233-1277.</subfield>
		<subfield code="t">شرح صحيح مسلم.</subfield>
	</datafield>
	<datafield ind1="0" ind2="2" tag="880">
		<subfield code="6">740-09/</subfield>
		<subfield code="a">جامع الصحيح.</subfield>
	</datafield>
	<datafield ind1="0" ind2="2" tag="880">
		<subfield code="6">740-10/</subfield>
		<subfield code="a">شرح صحيح مسلم.</subfield>
	</datafield>
	<datafield ind1=" " ind2="0" tag="830">
		<subfield code="a">ATLA monograph preservation program ;</subfield>
		<subfield code="v">ATLA fiche 1993-4009.</subfield>
	</datafield>
	<datafield ind1=" " ind2=" " tag="959">
		<subfield code="a">NNU</subfield>
		<subfield code="b">WEB</subfield>
		<subfield code="c">GENI</subfield>
		<subfield code="t">0</subfield>
		<subfield code="m">Electronic access</subfield>
		<subfield code="s">01</subfield>
	</datafield>
	<datafield ind1=" " ind2=" " tag="999">
		<subfield code="i">NNU_001677178</subfield>
		<subfield code="s">nyu_aco000182:v.1</subfield>
		<subfield code="s">nyu_aco000183:v.2</subfield>
		<subfield code="s">nyu_aco000184:v.3</subfield>
		<subfield code="s">nyu_aco000185:v.4</subfield>
		<subfield code="s">nyu_aco000186:v.5</subfield>
		<subfield code="s">nyu_aco000187:v.6</subfield>
		<subfield code="s">nyu_aco000188:v.7</subfield>
		<subfield code="s">nyu_aco000189:v.8</subfield>
		<subfield code="s">nyu_aco000190:v.9</subfield>
		<subfield code="s">nyu_aco000191:v.10</subfield>
		<subfield code="e">(ERROR-880)</subfield>
	</datafield>
</record>
